<record><leader>00000cas a22000007a 4500</leader><controlfield tag="001">15528574</controlfield><controlfield tag="008">870414c19519999iauwr ne      0   a0eng d</controlfield><datafield ind1=" " ind2=" " tag="010"><subfield code="a">sn 87058136 </subfield></datafield><datafield ind1=" " ind2=" " tag="040"><subfield code="a">INP</subfield><subfield code="b">eng</subfield><subfield code="c">INP</subfield><subfield code="d">NSD</subfield><subfield code="d">OCLCQ</subfield></datafield><datafield ind1=" " ind2=" " tag="012"><subfield code="l">1</subfield></datafield><datafield ind1="1" ind2=" " tag="022"><subfield code="a">1089-8271</subfield><subfield code="l">1089-8271</subfield><subfield code="2">1</subfield></datafield><datafield ind1=" " ind2=" " tag="042"><subfield code="a">msc</subfield><subfield code="a">nsdp</subfield></datafield><datafield ind1=" " ind2="0" tag="222"><subfield code="a">Times plain dealer</subfield></datafield><datafield ind1="0" ind2="4" tag="245"><subfield code="a">The Times-plain dealer.</subfield></datafield><datafield ind1="3" ind2="0" tag="246"><subfield code="a">Times-plain dealer (the Howard County times and Cresco plain dealer consolidated)</subfield></datafield><datafield ind1="1" ind2="7" tag="246"><subfield code="a">Howard County times and Cresco plain dealer</subfield></datafield><datafield ind1=" " ind2=" " tag="260"><subfield code="a">Cresco, Iowa :</subfield><subfield code="b">M.B. and R.E. Jones,</subfield><subfield code="c">1951-</subfield></datafield><datafield ind1=" " ind2=" " tag="300"><subfield code="a">v.</subfield></datafield><datafield ind1=" " ind2=" " tag="310"><subfield code="a">Weekly</subfield></datafield><datafield ind1="0" ind2=" " tag="362"><subfield code="a">Vol. 85, no. 32 (Aug. 8, 1951)-</subfield></datafield><datafield ind1=" " ind2=" " tag="500"><subfield code="a">"The Howard County times and Cresco plain dealer consolidated" appears in parentheses beneath masthead.</subfield></datafield><datafield ind1=" " ind2=" " tag="500"><subfield code="a">Publisher varies.</subfield></datafield><datafield ind1=" " ind2=" " tag="588"><subfield code="a">Latest issue consulted: v. 130, issue 27 (July 3, 1996).</subfield></datafield><datafield ind1=" " ind2=" " tag="752"><subfield code="a">United States</subfield><subfield code="b">Iowa</subfield><subfield code="c">Howard</subfield><subfield code="d">Cresco.</subfield></datafield><datafield ind1="0" ind2="0" tag="780"><subfield code="t">Times-plain dealer and the Howard County times and Cresco plain dealer consolidated</subfield><subfield code="w">(DLC)sn 87058087</subfield></datafield><datafield ind1="1" ind2=" " tag="029"><subfield code="a">AU@</subfield><subfield code="b">000025831582</subfield></datafield></record>